<?xml version="1.0" encoding="UTF-8"?><collection xmlns="http://www.loc.gov/MARC21/slim"><record><leader>00348nam--2200133-i-4500</leader><controlfield tag="001">000023997</controlfield><controlfield tag="002">20161230</controlfield><controlfield tag="005">20161230201035</controlfield><controlfield tag="008">060222s1000------------r-----000-0-eng-d</controlfield><datafield ind1=" " ind2=" " tag="080"><subfield code="a">541.128</subfield></datafield><datafield ind1=" " ind2=" " tag="100"><subfield code="a">Ioffe, I.I. Si Pismen, L.M</subfield></datafield><datafield ind1=" " ind2=" " tag="245"><subfield code="a">Cataliza eterogena in ingineria chimica</subfield></datafield><datafield ind1=" " ind2=" " tag="260"><subfield code="a">Bucuresti,Editura Tehnica, 1967. 404p</subfield></datafield><datafield ind1=" " ind2=" " tag="852"><subfield code="a">77376</subfield></datafield></record></collection>